@article{mccarthy1958maplist,
  title={Symbol Manipulating Language - Revisions of the Language},
  author={John McCarthy},
  journal={MIT AI Lab. AI Memo No. 4},
  year={1958},
  publisher={Massachusetts Institute of Technology}
}

@article{backus1959syntax,
  title={{The syntax and semantics of the proposed international algebraic language of the Zurich ACM-GAMM conference}},
  author={Backus, John W.},
  journal={Proceedings of the International Comference on Information Processing},
  year={1959}
}
@article{backus1960report,
  title={Report on the algorithmic language ALGOL 60},
  doi={10.1145/367236.367262},
  author={Backus, John W. and Bauer, Friedrich L. and Green, Julien and Katz, Charles and McCarthy, John and Naur, P and Perlis, AJ and Rutishauser, H. and Samelson, K. and Vauquois, B. and others},
  journal={Numerische Mathematik},
  volume={2},
  number={1},
  pages={106--136},
  year={1960},
  publisher={Springer}
}

@inproceedings{mccarthy1978history,
  title={{History of LISP}},
  doi={10.1145/960118.808387},
  author={McCarthy, John},
  booktitle={History of programming languages I},
  pages={173--185},
  year={1978},
  organization={ACM}
}

@inproceedings{steele1996evolution,
  title={{The Evolution of Lisp}},
  author={Steel Jr., Guy Lewis and Gabriel, Richard P.},
  doi={10.1145/154766.155373},
  booktitle={History of programming languages---II},
  pages={233--330},
  year={1996},
  organization={ACM}
}

@inproceedings{Hudak07ahistory,
    author = {Paul Hudak and John Hughes and Simon Peyton Jones and Philip Wadler},
    title = {A History of Haskell: Being Lazy With Class},
    doi={10.1145/1238844.1238856},
    booktitle = {In Proceedings of the 3rd ACM SIGPLAN Conference on History of Programming Languages (HOPL-III},
    year = {2007},
    pages = {1--55},
    publisher = {ACM Press}
}

@inproceedings{turner2012some,
  title={{Some History of Functional Programming Languages}},
  author={Turner, David},
  doi={10.1007/978-3-642-40447-4_1},
  booktitle={International Symposium on Trends in Functional Programming},
  pages={1--20},
  year={2012},
  organization={Springer}
}

@article{landin1966next,
  title={{The Next 700 Programming Languages}},
  author={Landin, Peter J.},
  doi={10.1145/365230.365257},
  journal={Communications of the ACM},
  volume={9},
  number={3},
  pages={157--166},
  year={1966},
  publisher={ACM}
}

@article{burstall1969proving,
  title={{Proving Properties of Programs by Structural Induction}},
  author={Burstall, Rod M.},
  doi={10.1093/comjnl/12.1.41},
  journal={The Computer Journal},
  volume={12},
  number={1},
  pages={41--48},
  year={1969},
  publisher={The British Computer Society}
}

@techreport{steele1976lambdaImperative,
  title={LAMBDA: The Ultimate Imperative.},
  author={Steele Jr., Guy Lewis},
  year={1976},
  institution={MASSACHUSETTS INST OF TECH CAMBRIDGE ARTIFICIAL INTELLIGENCE LAB}
}

@techreport{steele1976lambdaDeclaretive,
  title={LAMBDA: The Ultimate Declarative.},
  author={Steele Jr., Guy Lewis},
  year={1976},
  institution={MASSACHUSETTS INST OF TECH CAMBRIDGE ARTIFICIAL INTELLIGENCE LAB}
}

@techreport{steele1978revised,
  title={The Revised Report on SCHEME: A Dialect of LISP.},
  author={Steele Jr., Guy Lewis and Sussman, Gerald Jay},
  year={1978},
  institution={MASSACHUSETTS INST OF TECH CAMBRIDGE ARTIFICIAL INTELLIGENCE LAB}
}

@article{milner1978theory,
  title={{A Theory of Type Polymorphism in Programming}},
  doi={10.1016/0022-0000(78)90014-4},
  author={Milner, Robin},
  journal={Journal of computer and system sciences},
  volume={17},
  number={3},
  pages={348--375},
  year={1978},
  publisher={Elsevier}
}

@inproceedings{burstall1980hope,
  title={{HOPE: An Experimental Applicative Language}},
  doi={10.1145/800087.802799},
  author={Burstall, Rod M. and MacQueen, David B. and Sannella, Donald T.},
  booktitle={Proceedings of the 1980 ACM conference on LISP and functional programming},
  pages={136--143},
  year={1980},
  organization={ACM}
}

@article{steele1978rabbit,
  title={Rabbit: A Compiler for Scheme},
  author={Steele Jr., Guy Lewis},
  journal={MIT AI Lab. AI Memo No. 474},
  year={1978},
  publisher={Massachusetts Institute of Technology}
}

@inproceedings{turner1985miranda,
  title={Miranda: A non-strict functional language with polymorphic types},
  author={Turner, David},
  doi={10.1007/3-540-15975-4_26},
  booktitle={Functional programming languages and computer architecture},
  year={1985}
}
@inproceedings{thompson1986laws,
  title={Laws in Miranda},
  author={Thompson, Simon},
  doi={10.1145/319838.319839},
  booktitle={Proceedings of the 1986 ACM conference on LISP and functional programming},
  year={1986}
}
@article{thompson1990lawful,
  title={Lawful functions and program verification in Miranda},
  author={Thompson, Simon},
  doi={10.1016/0167-6423(90)90070-T},
  journal={Science of Computer Programming},
  volume={13},
  number={2-3},
  year={1990}
}

@misc{viewsWeb,
  title={{ViewPatterns - GHC}},
  howpublished = "\url{https://ghc.haskell.org/trac/ghc/wiki/ViewPatterns}",
  year={2015},
  note="[Online; accessed 14-June-2018]"
}

@inproceedings{wadler1987views,
  title={{Views: A way for pattern matching to cohabit with data abstraction}},
  author={Philip Wadler},
  doi={10.1145/41625.41653},
  booktitle={Proceedings of the 14th ACM SIGACT-SIGPLAN symposium on Principles of programming languages},
  year={1987}
}
@article{erwig1996active,
  title={{Active patterns}},
  doi={10.1007/3-540-63237-9_17},
  author={Erwig, Martin},
  journal={Implementation of Functional Languages},
  year={1996}
}
@inproceedings{tullsen2000first,
  title={{First Class Patterns}},
  doi={10.1007/3-540-46584-7_1},
  author={Tullsen, Mark},
  journal={Practical Aspects of Declarative Languages},
  year={2000},
  publisher={Springer}
}

@inproceedings{queinnec1990compilation,
  title={{Compilation of Non-linear, Second Order Patterns on S-Expressions}},
  author={Queinnec, Christian},
  doi={10.1007/BFb0024194},
  booktitle={Programming Language Implementation and Logic Programming},
  year={1990}
}
@inproceedings{queinnec1992partial,
  title={{Partial Evaluation applied to Symbolic Pattern Matching with Intelligent Backtrack}},
  author={Queinnec, Christian and Geffroy, Jean-Marie},
  booktitle={Workshop in Static Analysis, number 81--82 in Bigre},
  year={1992}
}
@inproceedings{fahndrich1997statically,
  title={Statically checkable pattern abstractions},
  author={F{\"a}hndrich, Manuel and Boyland, John},
  booktitle={ACM SIGPLAN Notices},
  volume={32},
  number={8},
  pages={75--84},
  year={1997},
  organization={ACM}
}
@article{hosoya2003regular,
  title={Regular expression pattern matching for XML},
  author={Hosoya, Haruo and Pierce, Benjamin C.},
  journal={Journal of Functional Programming},
  volume={13},
  number={6},
  pages={961--1004},
  year={2003},
  publisher={Cambridge University Press}
}

@inproceedings{hanus1995curry,
  title={Curry: A truly functional logic language},
  author={Hanus, Michael and Kuchen, Herbert and Moreno-Navarro, Juan Jose},
  booktitle={Proc. ILPS},
  volume={95},
  number={5},
  pages={95--107},
  year={1995}
}

@inproceedings{egi2018Aplas,
  title={Non-linear Pattern Matching with Backtracking for Non-free Data Types},
  author={Egi, Satoshi and Nishiwaki, Yuichi},
  doi={10.1007/978-3-030-02768-1_1},
  booktitle={Asian Symposium on Programming Languages and Systems},
  pages={3--23},
  year={2018},
  organization={Springer}
}
@inproceedings{egi2017scalar,
  title={Scalar and Tensor Parameters for Importing Tensor Index Notation including Einstein Summation Notation},
  author={Satoshi Egi},
  booktitle={The Scheme and Functional Programming Workshop},
  year={2017}
}
@inproceedings{egi2018loop,
  title={Loop Patterns: Extension of Kleene Star Operator for More Expressive Pattern Matching against Arbitrary Data Structures},
  author={Satoshi Egi},
  booktitle={The Scheme and Functional Programming Workshop},
  year={2018}
}

@misc{egisonWeb,
  title={{The Egison Programming Language}},
  howpublished = "\url{https://www.egison.org}",
  note="[Online; accessed 2019-05-21]",
  year={2011}
}

@misc{egisonMath,
  title={{Egison Mathematics Notebook}},
  year={2016},
  note="[Online; accessed 2019-02-21]",
  howpublished="\url{https://www.egison.org/math}"
}

@misc{egisonHaskell,
  title={{egison/egison-haskell: Template Haskell Implementation of Egison Pattern Matching}},
  year={2019},
  note="[Online; accessed 2019-02-21]",
  howpublished="\url{https://github.com/egison/egison-haskell}"
}
@misc{egisonScheme,
  title={{egison/egison-scheme: Scheme Macros for Egison Pattern Matching}},
  year={2018},
  note="[Online; accessed 2019-02-21]",
  howpublished="\url{https://github.com/egison/egison-scheme}"
}

@misc{egisonLisp,
  title={{zeptometer/egison-common-lisp: Common Lisp Macros for Egison Pattern Matching}},
  year={2018},
  note="[Online; accessed 2019-04-24]",
  howpublished="\url{https://github.com/zeptometer/egison-common-lisp}"
}

@misc{shivers1999srfi,
  title={SRFI 1: List library},
  author={Shivers, Olin},
  year={1999}
}

@book{peyton1987implementation,
  title={The implementation of functional programming languages},
  author={Peyton Jones, Simon},
  year={1987},
  publisher={Prentice-Hall, Inc.}
}



@article{egi2014non,
  title={Non-linear Pattern Matching against Non-free Data Types with Lexical Scoping},
  author={Egi, Satoshi},
  journal={arXiv preprint arXiv:1407.0729},
  year={2014}
}
@article{egi2015egison,
  title={Egison: Non-Linear Pattern-Matching against Non-Free Data Types},
  author={Egi, Satoshi},
  journal={arXiv preprint arXiv:1506.04498},
  year={2015}
}
@article{egi2018scalar,
  title={Scalar and Tensor Parameters for Importing the Notation in Differential Geometry into Programming},
  author={Satoshi Egi},
  journal={arXiv preprint arXiv:1804.03140},
  year={2018}
}

@book{harrison2009handbook,
  title={{Handbook of Practical Logic and Automated Reasoning}},
  doi={10.1017/CBO9780511576430.001},
  author={Harrison, John},
  year={2009},
  publisher={Cambridge University Press}
}

@inproceedings{meijer1991functional,
  title={{Functional Programming with Bananas, Lenses, Envelopes and Barbed Wire}},
  doi={10.1007/3540543961_7},
  author={Meijer, Erik and Fokkinga, Maarten and Paterson, Ross},
  booktitle={Conference on Functional Programming Languages and Computer Architecture},
  pages={124--144},
  year={1991},
  organization={Springer}
}

@article{wright1993pattern,
  title={{Pattern matching for Scheme}},
  author={Wright, A.K. and Duba, B.F.},
  journal={Unpublished manuscript},
  year={1993},
  publisher={Citeseer}
}
@article{landin1964mechanical,
  title={The mechanical evaluation of expressions},
  author={Landin, Peter J.},
  journal={The Computer Journal},
  volume={6},
  number={4},
  year={1964}
}
@article{hoare1975recursive,
  title={Recursive data structures},
  author={Hoare, C.A.R.},
  journal={International Journal of Parallel Programming},
  volume={4},
  number={2},
  year={1975}
}
@inproceedings{okasaki1998views,
  title={Views for Standard ML},
  author={Okasaki, C.},
  booktitle={SIGPLAN Workshop on ML},
  year={1998}
}
@article{aitken1992abstract,
  title={Abstract value constructors: Symbolic constants for Standard ML},
  author={Aitken, W. and Reppy, J.H.},
  year={1992},
  publisher={Cornell University}
}
@article{burton1993pattern,
  title={Pattern matching with abstract data types},
  author={Burton, F.W. and Cameron, R.D.},
  journal={Journal of Functional Programming},
  volume={3},
  number={02},
  year={1993}
}
@inproceedings{palao1996new,
  title={A new look at pattern matching in abstract data types},
  author={Palao Gostanza, P. and Pena, R. and N{\'u}nez, M.},
  booktitle={ACM SIGPLAN Notices},
  volume={31},
  number={6},
  year={1996}
}
@conference{yorgey2010species,
  title={{Species and functors and types, oh my!}},
  author={Yorgey, B.A.},
  booktitle={Proceedings of the third ACM Haskell symposium on Haskell},
  year={2010}
}
@inproceedings{erwig1997functional,
  title={Functional programming with graphs},
  author={Erwig, M.},
  booktitle={ACM SIGPLAN Notices},
  volume={32},
  number={8},
  year={1997}
}
@article{akama1993declarative,
  title={Declarative semantics of logic programs on parameterized representation systems},
  author={Akama, K.},
  journal={Advances in Software Science and Technology},
  volume={5},
  year={1993}
}
@article{akama1990generalized,
  title={Generalized logic programs on specialization systems and SLDA resolution},
  author={Akama, K.},
  journal={Hokkaido University Information Engineering Technical Report},
  year={1990}
}

@article{dovier1998uniform,
  title={{A uniform axiomatic view of lists, multisets, and sets, and the relevant unification algorithms}},
  author={Dovier, A. and Policriti, A. and Rossi, G.},
  journal={Fundamenta Informaticae},
  volume={36},
  number={2-3},
  year={1998}
}

@article{dovier2006set,
  title={Set unification},
  author={Dovier, A. and Pontelli, E. and Rossi, G.},
  journal={Theory and Practice of Logic Programming},
  volume={6},
  number={6},
  year={2006}
}

@article{dovier2008uniform,
  title={A uniform approach to constraint-solving for lists, multisets, compact lists, and sets},
  author={Dovier, A. and Piazza, C. and Rossi, G.},
  journal={ACM Transactions on Computational Logic (TOCL)},
  volume={9},
  number={3},
  year={2008}
}


@article{hudak1992report,
  title={Report on the programming language Haskell: a non-strict, purely functional language version 1.2},
  author={Hudak, P. and Peyton Jones, S. and Wadler, P. and Boutel, B. and Fairbairn, J. and Fasel, J. and Guzm{\'a}n, M.M. and Hammond, K. and Hughes, J. and Johnsson, T. and others},
  journal={ACM SigPlan notices},
  volume={27},
  number={5},
  year={1992}
}

@misc{jones1999report,
  title={Report on the programming language Haskell 98},
  author={Jones, S.P. and Hughes, J. and Augustsson, L. and Barton, D. and Boutel, B. and Burton, W. and Fasel, J. and Hammond, K. and Hinze, R. and Hudak, P. and others},
  year={1999}
}

@article{jay2009first,
  title={{First-class patterns}},
  author={Jay, B. and Kesner, D.},
  journal={Journal of Functional Programming},
  volume={19},
  number={02},
  year={2009}
}
@article{kn,
  title={{$\pi$: a pattern language}},
  author={Kn{\\"o}ll, R. and Mezini, M.},
  journal={ACM SIGPLAN Notices},
  volume={44},
  number={10},
  year={2009}
}

@inproceedings{augustsson1985compiling,
  title={Compiling pattern matching},
  author={Augustsson, L.},
  booktitle={Functional Programming Languages and Computer Architecture},
  year={1985}
}

@inproceedings{mohnen1996context,
  title={Context Patterns in Haskell},
  author={Mohnen, M.},
  booktitle={In 8th Int. Workshop on Implementation of Functional Languages, LNCS 1268},
  year={1996}
}

@inproceedings{laville1988implementation,
  title={Implementation of lazy pattern matching algorithms},
  author={Laville, A.},
  booktitle={ESOP'88},
  year={1988}
}

@inproceedings{maranget1992compiling,
  title={Compiling lazy pattern matching},
  author={Maranget, L.},
  booktitle={ACM SIGPLAN Lisp Pointers},
  number={1},
  year={1992}
}



@article{hewitt1975towards,
  title={Towards a programming apprentice},
  author={Hewitt, K.E. and Smith, B.},
  journal={IEEE Trans. Software Eng.},
  volume={1},
  number={1},
  year={1975}
}
@inproceedings{turner1981semantic,
  title={The semantic elegance of applicative languages},
  author={Turner, D.A.},
  booktitle={Proceedings of the 1981 conference on Functional programming languages and computer architecture},
  year={1981}
}

@article{mcbride1969symbol,
  title={A symbol manipulation system},
  author={McBride, F. V. and Morrison, D. J. T. and Pengelly, R. M.},
  journal={Machine Intelligence},
  volume={5},
  year={1969}
}

@article{antoy2010functional,
  title={Functional logic programming},
  author={Antoy, Sergio and Hanus, Michael},
  journal={Communications of the ACM},
  volume={53},
  number={4},
  year={2010}
}
@article{antoy2010programming,
  title={Programming with narrowing: A tutorial},
  author={Antoy, Sergio},
  doi={10.1016/j.jsc.2010.01.006},
  journal={Journal of Symbolic Computation},
  volume={45},
  number={5},
  year={2010}
}

@INPROCEEDINGS{AntoyHanus05LOPSTR,
author       = {Antoy, Sergio and Hanus, Michael},
title        = {Declarative Programming with Function Patterns},
year         = {2005},
booktitle    = {Proceedings of the International Symposium on Logic-based
                Program Synthesis and Transformation (LOPSTR'05)}
}

@article{spivey2000functional,
  title={FUNCTIONAL PEARLS Combinators for breadth-first search},
  author={Spivey, Michael},
  journal={Journal of Functional Programming},
  volume={10},
  number={4},
  year={2000}
}

@article{tobin2011extensible,
  title={Extensible pattern matching in an extensible language},
  author={Tobin-Hochstadt, Sam},
  journal={arXiv preprint arXiv:1106.2578},
  year={2011}
}

@inproceedings{syme2007extensible1,
  title={Extensible pattern matching via a lightweight language extension},
  author={Syme, Don and others},
  booktitle={ACM SIGPLAN Notices},
  volume={42},
  number={9},
  year={2007}
}

@inproceedings{syme2007extensible,
  title={Extensible pattern matching via a lightweight language extension},
  author={Syme, Don and Neverov, Gregory and Margetson, James},
  booktitle={ACM SIGPLAN Notices},
  volume={42},
  number={9},
  year={2007}
}

@inproceedings{hanus2007multi,
  title={Multi-paradigm declarative languages},
  author={Hanus, Michael},
  booktitle={International Conference on Logic Programming},
  year={2007}
}

@inproceedings{antoy2001constructor,
  title={Constructor-based conditional narrowing},
  doi={10.1145/773184.773205},
  author={Antoy, Sergio},
  booktitle={Proceedings of the 3rd ACM SIGPLAN international conference on Principles and practice of declarative programming},
  year={2001}
}

@inproceedings{brassel2011kics2,
  title={KiCS2: A new compiler from Curry to Haskell},
  author={Bra{\ss}el, Bernd and Hanus, Michael and Peem{\"o}ller, Bj{\"o}rn and Reck, Fabian},
  booktitle={International Workshop on Functional and Constraint Logic Programming},
  year={2011}
}

@misc{pakcs,
  title={{PAKCS}},
  howpublished = "\url{https://www.informatik.uni-kiel.de/~pakcs/}",
  note="[Online; accessed 14-June-2018]"
}

@article{krebber2017non,
  title={Non-linear Associative-Commutative Many-to-One Pattern Matching with Sequence Variables},
  author={Krebber, Manuel},
  journal={arXiv preprint arXiv:1705.00907},
  year={2017}
}

@misc{wolframAttributes,
  title={{Attributes::attnf - Wolfram Language Documentation}},
  howpublished = "\url{http://reference.wolfram.com/language/ref/message/Attributes/attnf.html}",
  year={2019},
  note="[Online; accessed 14-June-2018]"
}

@misc{wolframPatternTutorial,
  title={{Introduction to Patterns - Wolfram Language Documentation}},
  howpublished = "\url{http://reference.wolfram.com/language/tutorial/Introduction-Patterns.html}",
  year={2019},
  note="[Online; accessed 14-June-2018]"
}

@misc{wolframOrderless,
  title={{Orderless - Wolfram Language Documentation}},
  howpublished = "\url{http://reference.wolfram.com/language/ref/Orderless.html}",
  year={2019},
  note="[Online; accessed 14-June-2018]"
}

@misc{wolframRepeated,
  title={{Repeated - Wolfram Language Documentation}},
  howpublished = "\url{http://reference.wolfram.com/language/ref/Repeated.html}",
  note="[Online; accessed 14-June-2018]",
  year={2019}
}

@inproceedings{fischer2009purely,
  title={Purely functional lazy non-deterministic programming},
  author={Fischer, Sebastian and Kiselyov, Oleg and Shan, Chung-chieh},
  booktitle={ACM Sigplan Notices},
  volume={44},
  number={9},
  year={2009}
}

@article{hinze2006finger,
  title={Finger trees: a simple general-purpose data structure},
  author={Hinze, Ralf and Paterson, Ross},
  journal={Journal of functional programming},
  volume={16},
  number={2},
  year={2006}
}

@misc{datasequence,
  title={{Data.Sequence}},
  howpublished = "\url{http://hackage.haskell.org/package/containers/docs/Data-Sequence.html}",
  note="[Online; accessed 14-June-2018]"
}



@misc{mahjong,
  title={{Mahjong - Wikipedia}},
  howpublished = "\url{https://en.wikipedia.org/wiki/Mahjong}",
  note="[Online; accessed 25-June-2018]"
}

@book{hopcroft2013introduction,
  title={Introduction to automata theory, languages, and computation},
  author={Hopcroft, John E and Motwani, Rajeev and Ullman, Jeffrey D},
  year={2013},
  publisher={Pearson Education}
}

@inproceedings{ford2004parsing,
  title={Parsing expression grammars: a recognition-based syntactic foundation},
  author={Ford, Bryan},
  booktitle={ACM SIGPLAN Notices},
  volume={39},
  number={1},
  year={2004}
}

@article{berglund2003xml,
  title={{XML Path Language (XPath)}},
  author={Berglund, Anders and Boag, Scott and Chamberlin, Don and Fern{\'a}ndez, Mary F and Kay, Michael and Robie, Jonathan and Sim{\'e}on, J{\'e}r{\^o}me},
  journal={World Wide Web Consortium (W3C)},
  year={2003}
}

@inproceedings{bille2010regular,
  title={Regular expression matching with multi-strings and intervals},
  author={Bille, Philip and Thorup, Mikkel},
  booktitle={Proceedings of the twenty-first annual ACM-SIAM symposium on Discrete Algorithms},
  pages={1297--1308},
  year={2010},
  organization={SIAM}
}

@misc{neo4jManual,
  title={{The Neo4j Manual v2.3.3}},
  howpublished = "\url{https://neo4j.com/docs/stable/index.html}",
  note="[Online; accessed 14-June-2018]",
  year={2016}
}

@inproceedings{perez2006semantics,
  title={{Semantics and Complexity of SPARQL}},
  author={P{\'e}rez, Jorge and Arenas, Marcelo and Gutierrez, Claudio},
  booktitle={International semantic web conference},
  year={2006}
}

@inproceedings{rodriguez2015gremlin,
  title={{The Gremlin Graph Traversal Machine and Language}},
  author={Rodriguez, Marko A.},
  doi={10.1145/2815072.2815073},
  booktitle={Proceedings of the 15th Symposium on Database Programming Languages},
  year={2015}
}

@inproceedings{chamberlin1974sequel,
  title={{SEQUEL: A structured English query language}},
  author={Chamberlin, Donald D. and Boyce, Raymond F.},
  doi={10.1145/800296.811515},
  booktitle={Proceedings of the 1974 ACM SIGFIDET (now SIGMOD) workshop on Data description, access and control},
  year={1974}
}

@article{bagrak2004trx,
  title={{trx: Regular-tree expressions, now in Scheme}},
  author={Bagrak, Ilya and Shivers, Olin},
  journal={The Scheme and Functional Programming Workshop},
  year={2004}
}
